<?xml version="1.0" encoding="UTF-8"?><collection xmlns="http://www.loc.gov/MARC21/slim"><record><leader>00443nam--2200169-u-4500</leader><controlfield tag="001">000052385</controlfield><controlfield tag="002">20161230</controlfield><controlfield tag="005">20170107005535</controlfield><controlfield tag="008">100701s1000------------r-----000-0-eng-d</controlfield><datafield ind1=" " ind2=" " tag="040"><subfield code="a">IFIN-HH</subfield></datafield><datafield ind1=" " ind2=" " tag="080"><subfield code="a">531.5:523.31:521.14</subfield></datafield><datafield ind1="1" ind2=" " tag="100"><subfield code="a">Bir©đ, P©♭ter</subfield></datafield><datafield ind1="1" ind2="0" tag="245"><subfield code="a">Time Variation of Height and Gravity</subfield><subfield code="c">P©♭ter Bir©đ</subfield></datafield><datafield ind1=" " ind2=" " tag="260"><subfield code="a">Budapest</subfield><subfield code="b">Akad©♭miai Kiad©đ</subfield><subfield code="c">1983</subfield></datafield><datafield ind1=" " ind2=" " tag="300"><subfield code="a">160 p</subfield></datafield><datafield ind1=" " ind2=" " tag="852"><subfield code="a">71537</subfield><subfield code="c">531</subfield></datafield><datafield ind1=" " ind2=" " tag="CAT"><subfield code="a">SYS</subfield><subfield code="c">20170107</subfield><subfield code="h">005535</subfield></datafield></record></collection>